@book{2010_oppenheim,
author = {Oppenheim, Alan V. and Schafer, Ronald W.},
title = {Discrete-Time Signal Processing},
year = {2010},
isbn = {0131988425},
publisher = {Pearson Higher Education, Inc.},
address = {Upper Saddle River, NJ},
edition = {3rd}
}

@book{2014_vetterli,
  address = {Cambridge, UK},
  author = {Vetterli, Martin and Kova\u{c}evi\'{c}, Jelena and Goyal, Vivek K.},
  publisher = {Cambridge University Press},
  title = {Foundations of Signal Processing},
  year = {2014},
  isbn = {110703860}
}

@book{1985_widrow,
  address = {Englewood Cliffs, NJ},
  author = {Widrow, Bernard and Stearns, Samuel D.},
  publisher = {Prentice-Hall, Inc.},
  title = {Adaptive Signal Processing},
  year = {1985},
  isbn = {01300402901}
}

@book{2015_axler,
  address = {Englewood Cliffs, NJ},
  author = {Axler, Sheldon},
  publisher = {Springer International Publishing},
  title = {Linear Algebra Done Right},
  year = {2015},
  isbn = {9783319110806}
}

@book{1997_Trefethen,
author = {Trefethen, Lloyd N. and Bau, David},
address = {Philadelphia, PA},
year = {1997},
isbn = {0898713617},
publisher = {Society for Industrial and Applied Mathematics},
title = {Numerical Linear Algebra},
}