@article{lusch2018deep,
  title={Deep learning for universal linear embeddings of nonlinear dynamics},
  author={Lusch, Bethany and Kutz, J Nathan and Brunton, Steven L},
  journal={Nature Communications},
  volume={9},
  number={1},
  pages={4950},
  year={2018},
  publisher={Nature Publishing Group},
  Doi = {10.1038/s41467-018-07210-0}
}

@article{schmid2010dynamic,
    title={Dynamic mode decomposition of numerical and experimental data},
    author={Schmid, Peter J},
    journal={Journal of fluid mechanics},
    volume={656},
    pages={5--28},
    year={2010},
    publisher={Cambridge University Press}
}

@article{williams2015data,
    title={A data--driven approximation of the koopman operator: Extending dynamic mode decomposition},
    author={Williams, Matthew O and Kevrekidis, Ioannis G and Rowley, Clarence W},
    journal={Journal of Nonlinear Science},
    volume={25},
    number={6},
    pages={1307--1346},
    year={2015},
    publisher={Springer}
}

@article{brunton2016discovering,
    title={Discovering governing equations from data by sparse identification of nonlinear dynamical systems},
    author={Brunton, Steven L and Proctor, Joshua L and Kutz, J Nathan},
    journal={Proceedings of the national academy of sciences},
    volume={113},
    number={15},
    pages={3932--3937},
    year={2016},
    publisher={National Acad Sciences}
}

@article{Champion22445,
    author = {Champion, Kathleen and Lusch, Bethany and Kutz, J. Nathan and Brunton, Steven L.},
    title = {Data-driven discovery of coordinates and governing equations},
    volume = {116},
    number = {45},
    pages = {22445--22451},
    year = {2019},
    doi = {10.1073/pnas.1906995116},
    publisher = {National Academy of Sciences},
    issn = {0027-8424},
    URL = {https://www.pnas.org/content/116/45/22445},
    eprint = {https://www.pnas.org/content/116/45/22445.full.pdf},
    journal = {Proceedings of the National Academy of Sciences}
}

