@article{deepkoopman,
    title={Deep learning for universal linear embeddings of nonlinear dynamics},
    author={Lusch, Bethany and Kutz, J Nathan and Brunton, Steven L},
    journal={Nature Communications},
    volume={9},
    number={1},
    pages={4950},
    year={2018},
    publisher={Nature Publishing Group},
    Doi = {10.1038/s41467-018-07210-0}
}

@article{dmd,
    title={Dynamic mode decomposition of numerical and experimental data},
    author={Schmid, Peter J},
    journal={Journal of fluid mechanics},
    volume={656},
    pages={5--28},
    year={2010},
    publisher={Cambridge University Press}
}

@article{edmd,
    title={A data--driven approximation of the koopman operator: Extending dynamic mode decomposition},
    author={Williams, Matthew O and Kevrekidis, Ioannis G and Rowley, Clarence W},
    journal={Journal of Nonlinear Science},
    volume={25},
    number={6},
    pages={1307--1346},
    year={2015},
    publisher={Springer}
}

@article{sindy,
    title={Discovering governing equations from data by sparse identification of nonlinear dynamical systems},
    author={Brunton, Steven L and Proctor, Joshua L and Kutz, J Nathan},
    journal={Proceedings of the national academy of sciences},
    volume={113},
    number={15},
    pages={3932--3937},
    year={2016},
    publisher={National Acad Sciences}
}

@article{neuralsysid,
    author = { S.   CHEN  and  S. A.   BILLINGS  and  P. M.   GRANT },
    title = {Non-linear system identification using neural networks},
    journal = {International Journal of Control},
    volume = {51},
    number = {6},
    pages = {1191-1214},
    year  = {1990},
    publisher = {Taylor & Francis},
    doi = {10.1080/00207179008934126},
    URL = {https://doi.org/10.1080/00207179008934126},
    eprint = {https://doi.org/10.1080/00207179008934126}
}

@article{generalkoopman,
    title={Generalizing Koopman theory to allow for inputs and control},
    author={Proctor, Joshua L and Brunton, Steven L and Kutz, J Nathan},
    journal={SIAM Journal on Applied Dynamical Systems},
    volume={17},
    number={1},
    pages={909--930},
    year={2018},
    publisher={SIAM}
}

@article{dmdc,
    title={Dynamic mode decomposition with control},
    author={Proctor, Joshua L and Brunton, Steven L and Kutz, J Nathan},
    journal={SIAM Journal on Applied Dynamical Systems},
    volume={15},
    number={1},
    pages={142--161},
    year={2016},
    publisher={SIAM}
}

@article{sindyc,
    title={Sparse identification of nonlinear dynamics with control (SINDYc)},
    author={Brunton, Steven L and Proctor, Joshua L and Kutz, J Nathan},
    journal={IFAC-PapersOnLine},
    volume={49},
    number={18},
    pages={710--715},
    year={2016},
    publisher={Elsevier}
}

@article{deepsindy,
    author = {Champion, Kathleen and Lusch, Bethany and Kutz, J. Nathan and Brunton, Steven L.},
    title = {Data-driven discovery of coordinates and governing equations},
    volume = {116},
    number = {45},
    pages = {22445--22451},
    year = {2019},
    doi = {10.1073/pnas.1906995116},
    publisher = {National Academy of Sciences},
    issn = {0027-8424},
    URL = {https://www.pnas.org/content/116/45/22445},
    eprint = {https://www.pnas.org/content/116/45/22445.full.pdf},
    journal = {Proceedings of the National Academy of Sciences}
}

@article{implicitsindy,
    title={Sindy-pi: A robust algorithm for parallel implicit sparse identification of nonlinear dynamics},
    author={Kaheman, Kadierdan and Kutz, J Nathan and Brunton, Steven L},
    journal={arXiv preprint arXiv:2004.02322},
    year={2020}
}
